% Encoding: UTF-8

@Online{Huebl2017,
  author    = {H{\"u}bl, A. and others},
  title     = {OpenPMD 1.0.0: A meta data standard for particle and mesh based data},
  year      = {2017},
  url       = {https://dx.doi.org/10.5281/zenodo.33624},
  doi       = {10.5281/zenodo.33624},
  keywords  = {zenodo},
  timestamp = {2017.09.18},
}

@article {Kluge2016,
	title            = "Nanoscale femtosecond imaging of transient hot solid density plasmas with elemental and charge state sensitivity using resonant coherent diffraction",
	year             = "2016",
	author           = "Kluge et al., T",
	journal          = "Physics of Plasmas",
	volume           = "23",
	number           = "3",
	pages            = "033103 ",
	month            = "March",
	url              = "http://dx.doi.org/10.1063/1.4942786",
}

@article{Mora2003,
  title = {Plasma Expansion into a Vacuum},
  author = {Mora, P.},
  journal = {Phys. Rev. Lett.},
  volume = {90},
  issue = {18},
  pages = {185002},
  numpages = {4},
  year = {2003},
  month = {May},
  publisher = {American Physical Society},
  doi = {10.1103/PhysRevLett.90.185002},
  url = {https://link.aps.org/doi/10.1103/PhysRevLett.90.185002}
}

@Online{Garten2017a,
  author        = {Garten, Marco and H{\"u}bl, Axel and Grund, Alexander and Fortmann-Grote, Carsten and Kluge, Thomas and Bussmann, Michael},
  title         = {{ParaTAXIS} {X}-ray {Scattering} {Input} \& {Output}},
  year          = {2017},
  url           = {https://zenodo.org/record/885033},
  organization  = {European Cluster of Advanced Laser Lightsources (EUCALL)},
  month         = sep,
  __markedentry = {[grotec:6]},
  doi           = {10.5281/zenodo.885033},
  keywords      = {PIC, particle-in-cell, electron density, simulation, SIMEX, zenodo, eucall, simex},
  owner         = {grotec},
  publisher     = {Zenodo},
  timestamp     = {2017.09.25},
}

@Comment{jabref-meta: databaseType:biblatex;}
