% Encoding: UTF-8

@Online{Fortmann-Grote.zenodo.855301,
  author    = {Fortmann-Grote, Carsten},
  title     = {FELsource 4.96 keV 3fs},
  year      = {2017},
  url       = {https://doi.org/10.5281/zenodo.855301},
  month     = aug,
  doi       = {10.5281/zenodo.855301},
  keywords  = {zenodo, EUCALL, simex, zenodo},
  owner     = {grotec},
  timestamp = {2017.08.31},
}

@Online{Fortmann-Grote_Youtube_XPD,
  author    = {Carsten Fortmann-Grote},
  title     = {Video tutorial on the XFEL Pulses Database},
  url       = {https://youtu.be/Ql1p5-CLHug},
  keywords  = {tutorial, EUCALL, simex, zenodo},
  owner     = {grotec},
  timestamp = {2017.08.31},
}

@Online{Briggs2017.zenodo.886451,
  author   = {Briggs, Richard},
  title    = {{Example OASYS workflow for the ID24 beamline of the European Synchrotron Radiation Facility}},
  year     = {2017},
  url      = {https://doi.org/10.5281/zenodo.886451},
  month    = sep,
  doi      = {10.5281/zenodo.886451},
  keywords = {EUCALL, simex, zenodo},
}

@Online{Briggs2017.zenodo.886449,
  author    = {Briggs, Richard},
  title     = {Example input files and {Fe} foil data for {FEFF} {EXAFS} simulations of {Fe}},
  year      = {2017},
  url       = {https://zenodo.org/record/886449/export/hx#.WbjqWhdx25M},
  note      = {DOI: 10.5281/zenodo.886449 type: dataset},
  month     = sep,
  urldate   = {2017-09-13},
  abstract  = {Feff input file containing Fe atomic positions, needed to run FEFF simulations of the EXAFS of Fe. The Demeter XAS analysis program files are also included (free software) : http://bruceravel.github.io/demeter/\#about. These files can be used to simulate EXAFS of Fe using the FEFF software. This simulation is a building block for a future enhancement of the SIMEX (Simulation of Experiments) platform : https://github.com/eucall-software/simex\_platform},
  file      = {Zenodo Snapshot:/home/grotec/.mozilla/firefox/uzpxlfij.default/zotero/storage/B7GVF25R/hx.html:text/html},
  keywords  = {EUCALL, EXAFS, FEFF, EUCALL, simex, zenodo},
  owner     = {grotec},
  publisher = {Zenodo},
  timestamp = {2017.09.13},
}

@Online{Fortmann-Grote2017.zenodo.886061,
  author    = {Carsten Fortmann-Grote},
  title     = {Simulated {Photon}-{Matter} interaction of 3fs 4.96 {keV} {European} {XFEL} pulses with 2NIP},
  year      = {2017},
  url       = {https://zenodo.org/record/886061#.Wbjqkhdx25M},
  note      = {DOI: 10.5281/zenodo.886061 type: dataset},
  month     = sep,
  urldate   = {2017-09-13},
  abstract  = {Simulated photon-matter interaction trajectories for x-ray pulses from SASE1 beamline at European XFEL with a protein (pdb entry 2NIP). Input: https://dx.doi.org/10.5281/zenodo.884873 (WPG coherent wavefront propagation) Simulation Code: The PMI simulation was run with the code XMDYN, x-ray cross sections and transitions rates were calculated with XATOM. Both codes are developed at Center for Free Electron Laser Science, Theory Division, DESY, Hamburg, Germany.},
  file      = {Zenodo Snapshot:/home/grotec/.mozilla/firefox/uzpxlfij.default/zotero/storage/SSFN7672/886061.html:text/html},
  keywords  = {Single-particle imaging, SASE1, SPB-SFX, radiation damage, EUCALL, simex, zenodo},
  owner     = {grotec},
  publisher = {Zenodo},
  timestamp = {2017.09.13},
}

@Online{Fortmann-Grote2017.zenodo.886087,
  author    = {Carsten Fortmann-Grote},
  title     = {Simulated coherent diffraction from 2NIP ({SPB}-{SFX} instrument, 3 fs, 4.96 {keV} {European} {XFEL} pulses)},
  year      = {2017},
  url       = {https://zenodo.org/record/886087#.Wbjq1Rdx25M},
  note      = {DOI: 10.5281/zenodo.886087 type: dataset},
  month     = sep,
  urldate   = {2017-09-13},
  abstract  = {Simulated diffraction from 2NIP Input: https://dx.doi.org/10.5281/zenodo.886061 (photon-matter interaction) Simulation code: singFEL},
  file      = {Zenodo Snapshot:/home/grotec/.mozilla/firefox/uzpxlfij.default/zotero/storage/QN9M92B9/886087.html:text/html},
  keywords  = {Single-particle imaging, SASE1, European XFEL, EUCALL, simex, zenodo},
  owner     = {grotec},
  publisher = {Zenodo},
  timestamp = {2017.09.13},
}

@Online{Fortmann-Grote2017.zenodo.884873,
  author    = {Carsten Fortmann-Grote and Liubov Samoylova},
  title     = {{WPGed} {XPD} 3fs, 4.96 {keV} pulses {European} {XFEL} {SASE}1 {SPB}-{SFX}},
  year      = {2017},
  url       = {https://zenodo.org/record/884873/export/hx#.Wbjq9hdx25M},
  note      = {DOI: 10.5281/zenodo.884873 type: dataset},
  month     = sep,
  urldate   = {2017-09-13},
  abstract  = {Propagated pulses of 3 fs duration and 4.96 keV photon energy. Input (XFEL source): (per XPD https://in.xfel.eu/xpd) [https://dx.doi.org/10.5281/zenodo.855301] Simulation code: WPG},
  file      = {Zenodo Snapshot:/home/grotec/.mozilla/firefox/uzpxlfij.default/zotero/storage/SJ7WZIMR/hx.html:text/html},
  keywords  = {Coherent wavefront propagation, WPG, SRW, European XFEL, SPB-SFX, EUCALL, simex, zenodo},
  owner     = {grotec},
  publisher = {Zenodo},
  timestamp = {2017.09.13},
}

@Online{Garten2017.zenodo.885033,
  author    = {Garten, Marco and H{\"u}bl, Axel and Grund, Alexander and Fortmann-Grote, Carsten and Kluge, Thomas and Bussmann, Michael},
  title     = {{ParaTAXIS} {X}-ray {Scattering} {Input} \& {Output}},
  year      = {2017},
  url       = {https://zenodo.org/record/885033},
  month     = sep,
  doi       = {10.5281/zenodo.885033},
  keywords  = {PIC, particle-in-cell, electron density, simulation, SIMEX, zenodo, eucall, simex},
  owner     = {grotec},
  publisher = {Zenodo},
  timestamp = {2017.09.13},
}

@Online{Briggs2017.zenodo.883106,
  author        = {Briggs, Richard},
  title         = {Example input files and output data for 1D hydrodynamic simulations of shock compressed iron},
  year          = {2017},
  url           = {https://zenodo.org/record/883106/export/hx},
  __markedentry = {[grotec:]},
  doi           = {10.5281/zenodo.883106},
  keywords      = {EUCALL, eucall, simex, SIMEX, zenodo},
  timestamp     = {2017.09.13},
}

@Electronic{simex0.3.3,
  author    = {Carsten Fortmann-Grote},
  title     = {simex\_platform version 0.3.3},
  year      = {2017},
  doi       = {10.5281/zenodo.897674},
  keywords  = {simex, eucall, EUCALL, SIMEX, Deliverable, D4.3},
  owner     = {grotec},
  timestamp = {2017.09.20},
}

@Comment{jabref-meta: databaseType:biblatex;}
