% Encoding: UTF-8

@Article{agostinelli2003geant4,
  author    = {Agostinelli, Sea and Allison, John and Amako, K al and Apostolakis, J and Araujo, H and Arce, P and Asai, M and Axen, D and Banerjee, S and Barrand, G and others},
  title     = {GEANT4--a simulation toolkit},
  journal   = {Nuclear instruments and methods in physics research section A: Accelerators, Spectrometers, Detectors and Associated Equipment},
  year      = {2003},
  volume    = {506},
  number    = {3},
  pages     = {250--303},
  publisher = {Elsevier},
  timestamp = {2017.09.28},
}

@WWW{xfelwebsite,
  author  = {Bernd Ebeling},
  title   = {XFEL website},
  year    = {2017},
  url     = {https://www.xfel.eu/facility/},
  month   = {September},
  comment = {3rd Sept. 2017},
}

@WWW{boostpython,
  author = {David Abrahams and Stefan Seefeld},
  title  = {boost.python documentation},
  year   = {2017},
  url    = {http://www.boost.org/doc/libs/1_65_0/libs/python/doc/html/index.html},
  month  = {Spt},
}

@WWW{swig_www,
  year  = {2017},
  url   = {http://www.swig.org/},
  month = {May},
}

@WWW{PDB,
  author = {H.M. Berman and J. Westbrook and Z. Feng and G. Gilliland and T.N. Bhat and H. Weissig and I.N. Shindyalov and P.E. Bourne},
  title  = {The Protein Data Bank},
  year   = {2000},
  url    = {www.rcsb.org},
  note   = {Nucleic Acids Research, 28: 235-242},
}

@Article{shi2010challenges,
  author    = {Shi, X and Dinapoli, R and Henrich, B and Mozzanica, A and Schmitt, B and Mazzocco, R and Kr{\"u}ger, H and Trunk, U and Graafsma, H and Agipd Consortium and others},
  title     = {Challenges in chip design for the AGIPD detector},
  journal   = {Nuclear Instruments and Methods in Physics Research Section A: Accelerators, Spectrometers, Detectors and Associated Equipment},
  year      = {2010},
  volume    = {624},
  number    = {2},
  pages     = {387--391},
  publisher = {Elsevier},
}

@Article{potdevin2011analysis,
  author    = {Potdevin, Guillaume and Graafsma, Heinz},
  title     = {Analysis of the expected AGIPD detector performance parameters for the European X-ray free electron laser},
  journal   = {Nuclear Instruments and Methods in Physics Research Section A: Accelerators, Spectrometers, Detectors and Associated Equipment},
  year      = {2011},
  volume    = {659},
  number    = {1},
  pages     = {229--236},
  publisher = {Elsevier},
}

@Article{klanner2013study,
  author    = {Klanner, Robert and Fretwurst, Eckhart and Pintilie, Ioana and Schwandt, Joern and Zhang, Jiaguo},
  title     = {Study of high-dose X-ray radiation damage of silicon sensors},
  journal   = {Nuclear Instruments and Methods in Physics Research Section A: Accelerators, Spectrometers, Detectors and Associated Equipment},
  year      = {2013},
  volume    = {732},
  pages     = {117--121},
  publisher = {Elsevier},
}

@Article{graafsma2009requirements,
  author    = {Graafsma, Heinz},
  title     = {Requirements for and development of 2 dimensional X-ray detectors for the European X-ray Free Electron Laser in Hamburg},
  journal   = {Journal of Instrumentation},
  year      = {2009},
  volume    = {4},
  number    = {12},
  pages     = {P12011},
  publisher = {IOP Publishing},
}

@WWW{XFELfacts,
  author       = {Bernd Ebeling},
  title        = {Facts and Figures},
  year         = {2017},
  url          = {https://www.xfel.eu/facility/overview/facts_amp_figures/index_eng.html},
  howpublished = {online},
}

@Article{altarelli2011european,
  author    = {Altarelli, M},
  title     = {The European X-ray free-electron laser facility in Hamburg},
  journal   = {Nuclear Instruments and Methods in Physics Research Section B: Beam Interactions with Materials and Atoms},
  year      = {2011},
  volume    = {269},
  number    = {24},
  pages     = {2845--2849},
  publisher = {Elsevier},
}

@Article{henrich2011adaptive,
  author    = {Henrich, B and Becker, J and Dinapoli, R and Goettlicher, P and Graafsma, H and Hirsemann, H and Klanner, R and Krueger, H and Mazzocco, R and Mozzanica, A and others},
  title     = {The adaptive gain integrating pixel detector AGIPD a detector for the European XFEL},
  journal   = {Nuclear Instruments and Methods in Physics Research Section A: Accelerators, Spectrometers, Detectors and Associated Equipment},
  year      = {2011},
  volume    = {633},
  pages     = {S11--S14},
  publisher = {Elsevier},
}

@Comment{jabref-meta: databaseType:biblatex;}
