../../bib/detector_sim_references.bib